@inproceedings{wangEmbed,
  title={Towards Empty Answers in SPARQL: Approximating Querying with RDF Embedding},
  author={Wang, Meng and Wang, Ruijie and Liu, Jun and Chen, Yihe and Zhang, Lei and Qi, Guilin},
  booktitle={International Semantic Web Conference},
  pages={513--529},
  year={2018},
  organization={Springer}
}
@article{el_Han,
  title={Entity linking with a knowledge base: Issues, techniques, and solutions},
  author={Shen, Wei and Wang, Jianyong and Han, Jiawei},
  journal={IEEE Transactions on Knowledge and Data Engineering},
  volume={27},
  number={2},
  pages={443--460},
  year={2015},
  publisher={IEEE}
}
@inproceedings{sander2014ontology,
  title={Ontology-based translation of natural language queries to SPARQL},
  author={Sander, Malte and Waltinger, Ulli and Roshchin, Mikhail and Runkler, Thomas},
  booktitle={NLABD: AAAI Fall Symposium},
  year={2014}
}
@article{dubey2018earl,
  title={EARL: Joint Entity and Relation Linking for Question Answering over Knowledge Graphs},
  author={Dubey, Mohnish and Banerjee, Debayan and Chaudhuri, Debanjan and Lehmann, Jens},
  journal={arXiv preprint arXiv:1801.03825},
  year={2018}
}
@inproceedings{hamilton2018embedding,
  title={Embedding logical queries on knowledge graphs},
  author={Hamilton, Will and Bajaj, Payal and Zitnik, Marinka and Jurafsky, Dan and Leskovec, Jure},
  booktitle={Advances in Neural Information Processing Systems},
  pages={2030--2041},
  year={2018}
}
@article{zhang2018trquery,
  title={TrQuery: An Embedding-based Framework for Recommanding SPARQL Queries},
  author={Zhang, Lijing and Zhang, Xiaowang and Feng, Zhiyong},
  journal={arXiv preprint arXiv:1806.06205},
  year={2018}
}
@inproceedings{elbassuoni2011query,
  title={Query relaxation for entity-relationship search},
  author={Elbassuoni, Shady and Ramanath, Maya and Weikum, Gerhard},
  booktitle={Extended Semantic Web Conference},
  pages={62--76},
  year={2011},
  organization={Springer}
}
@inproceedings{2010combining,
  title={Combining approximation and relaxation in semantic web path queries},
  author={Poulovassilis, Alexandra and Wood, Peter T},
  booktitle={International Semantic Web Conference},
  pages={631--646},
  year={2010},
  organization={Springer}
}
@article{huang2012,
  title={Approximating query answering on RDF databases},
  author={Huang, Hai and Liu, Chengfei and Zhou, Xiaofang},
  journal={World Wide Web},
  volume={15},
  number={1},
  pages={89--114},
  year={2012},
  publisher={Springer}
}